@article{Suchanicz2012,
author = {J. Suchanicz and A. Kania},
title = {Effects of uniaxial pressure on the dielectric properties of {(1-$x$)PbMg$_{1/3}$Nb$_{2/3}$O$_3$-$x$PbTiO$_3$} single crystals ({$x$}= 0.28 and 0.38)},
journal = {Ferroelectrics},
volume = {426},
pages = {251-258},
year = {2012}
}

@article{Cottinet2011b,
author = {P.J. Cottinet and D. Guyomar and M. Lallart},
title = {Electrostrictive polymer harvesting using a nonlinear approach},
journal = {Sensors and Actuators A},
volume = {172},
pages = {497-503},
year = {2011},
}

@article{Webber2008,
author = {K.G. Webber and H.C. Robinson and G.A. Rossetti, Jr. and C.S. Lynch},
title = {A distributed step-like switching model of the continuous field-driven phase transformations observed in {PMN-$x$PT} relaxor ferroelectric single crystals},
journal = {Acta Materialia},
volume = {56},
pages = {2744-2749},
year = {2008},
}

@book{Erturk2011,
editor={A. Erturk and D.J. Inman},
title={Piezoelectric energy harvesting},
publisher={John Wiley \& Sons, Inc.},
address={Hoboken, NJ},
year={2011}
}

@article{Guyomar2009,
author = {D. Guyomar and G. Sebald and E. Lefeuvre and A. Khodayari},
title = {Toward heat energy harvesting using pyroelectric materials},
journal = {Journal of Intelligent Material Systems and Structures},
volume = {20},
number = {3},
pages = {265-271},
year = {2009}
}

@article{Bowen2013,
author = {C.R. Bowen and H.A. Kim and P.M. Weaver and S. Dunn},
title = {Piezoelectric and ferroelectric materials and structures for energy harvesting applications},
journal = {Energy and Environmental Science},
volume = {in press},
number = {},
pages = {},
year = {2013}
}

@article{Beeby2006,
author = {S.P. Beeby and M.J. Tudor and N.M. White},
title = {Energy harvesting virbation sources for microsystems applications},
journal = {Measurement Science and Technology},
volume = {17},
pages = {R175-R195},
year = {2006}
}

@article{Bai2004,
author = {F. Bai and N. Wang and J. Li and D. Viehland and P.M. Gehring and G. Xu and G. Shirane},
title = {X-ray and neutron diffraction investigations of the structural phase transformation sequence under electric field in {0.7Pb(Mg$_{1/3}$Nb$_{2/3}$)-0.3PbTiO$_3$} crystal},
journal = {Journal of Applied Physics},
volume = {96},
number = {3},
pages = {1620-1627},
year = {2004}
}

@article{Anton2007,
author = {S.R. Anton and H.A Sodano},
title = {A review of power harvesting using piezoelectric materials (2003-2006)},
journal = {Smart Materials and Structures},
volume = {16},
pages = {R1-R21},
year = {2007}
}

@article{Cha2013,
author = {G. Cha and Y.S. Ju},
title = {Pyroelectric energy harvesting using liquid-based switchable thermal interfaces},
journal = {Sensors and Actuators A: Physical},
volume = {189},
pages = {100-1078},
year = {2013}
}

@misc{Dowprops,
title={Dow {C}orning Product Information: 200$^{\textregistered}$ Fluid},
note={{R}ef. no. {22-0069N-01}},
url={http://www.notcutt.co.uk/docs/pss/Silicone\%20Fluid\%20200_50\%20cst.pdf},
year={1998},
}

@article{zhu1999,
author = {D.-M. Zhu and P.D. Han},
title = {Thermal conductivity and electromechanical property of single-crystal lead magnesium niobate titanate},
journal = {Applied Physics Letters},
volume = {75},
pages = {3868},
year = {1999}
}

@article{churchill1975,
author = {S. W. Churchill and H. H. S. Chu},
title = {Correlating equations for laminar and turbulent free convection from a vertical plate},
journal = {International Journal Heat and Mass Transfer},
volume = {18},
pages = {1323},
year = {1975}
}

@article{Kutnjak2006,
author = {Z. Kutnjak and J. Petzelt and R. Blinc},
title = {The giant electromechanical response in ferroelectric relaxors as a critical phenomenon},
journal = {Nature Letters},
volume = {441},
pages = {956-959},
year = {2006},
}

@article{Kutnjak2007,
author = {Z. Kutnjak and R. Blinc},
title = {Electric field induced critical points and polarization rotations in relaxor ferroelectrics},
journal = {Physical Review B},
volume = {76},
pages = {104102},
year = {2007},
}

@article{Schultz2001,
author = {I. Schultz and H. Goebel and M. Ullman},
title = {Modelling polarisation of ferroelectrid {SBT} capacitors including temperature dependence},
journal = {Electronics Letters},
volume = {37},
number={20},
pages = {1216-1217},
year = {2001},
}

@article{Zhang2007,
author = {Y.-J. Zhang and T.-L. Ren and L.-T. Liu},
title = {An improved ferroelectric capacitor compact model based on probability theory for circuits simulation},
journal = {Integrated Ferroelectrics},
volume = {95},
pages = {199-204},
year = {2007},
}

@inproceedings{Supriyanto2002,
  title={Ferroelectric capacitor compact model including dynamic and temperature behavior},
  author={E. Supriyanto and I. Schultz and M. Ullmann and H. Goebel},
  booktitle={Proceedings of the 13th IEEE International Symposium on Applications of Ferroelectrics, 2002.},
  pages={61-64},
  year={2002},
address = {Nara, Japan},
	month = {May 28},
  organization={IEEE}
}

@inproceedings{Jiang1997,
 title={Modeling ferroelectric capacitor switching using a parallel-elements model},
  author={B. Jiang and J.C. Lee and P. Zurcher and R.E Jones, Jr.},
  journal={Integrated Ferroelectrics},
  volume={16},
  pages={199-208},
  year={1997}
}

@article{Preisach1935,
author = {F. Preisach},
title = {\"{U}ber die magnetische {N}achwirkung},
journal = {{Z}eitschrift f\"{u}r Physik},
volume = {94},
pages = {277-307},
year = {1935},
}

@article{BarChaim1974,
author = {N. Bar-Chaim and M. Brunstein and J. Gr\"{u}nberg and A. Seidman},
title = {Electric field dependence of the dielectric constant of {PZT} ferroelectric ceramics},
journal = {Journal of Applied Physics},
volume = {45},
number={6},
pages = {2398-2405},
year = {1974},
}

@article{Zhao2002,
author = {X. Zhao and B. Fang and H. Cao and Y. Guo and H. Luo},
title = {Dielectric and piezoelectric performance of {PMN-PT} single crystals with compositions around the{ MPB}: influence of composition, poling field and crystal orientation},
journal = {Materials Science and Engineering: B},
volume = {96},
number={3},
pages = {254-262},
year = {2002},
}

@article{Viehland2001a,
author = {D. Viehland and A. Amin and J.F. Li},
title = {Piezoelectric instability in {$<$011$>$}-oriented {Pb(B$_{1/3}$$^I$B$_{2/3}$$^{II}$)O$_3$-PbTiO$_3$} crystals},
journal = {Applied Physics Letters},
volume = {79},
number={7},
pages = {1006-1008},
year = {2001},
}

@article{McKinley2013_2,
author = {I.M. McKinley and S. Goljahi and C.S. Lynch and L. Pilon},
title = {A novel thermally-biased mechanical energy conversion cycle},
journal = {Journal of Applied Physics},
pages = {},
year = {in press},
}

@article{Cottinet2011,
author = {P.J. Cottinet and D. Guyomar and M. Lallart and B. Guiffard and L. Lebrun},
title = {Investigation of electrostrictive polymer efficiency for mechanical energy harvesting},
journal = {IEEE Transactions on Ultrasonics, Ferroelectrics, and Frequency Control},
volume = {58},
pages = {1842},
year = {2011},
}

@article{Wang2008,
author = {L. Wang and F.G. Yuan},
title = {Vibration energy harvesting by magnetostrictive material},
journal = {Smart Materials and Structures},
volume = {17},
pages = {045009},
year = {2008},
}

@article{McKinley2012_2,
author = {I.M. McKinley and F.Y. Lee and  L. Pilon},
title = {A novel thermoelectromechanical energy conversion cycle},
journal = {Applied Energy},
volume = {},
pages = {},
year = {under review},
}

@inproceedings{Dong2012,
  title={Mechanical energy harvesting utilizing phase transition in 32 mode relaxor-ferroelectric {PIN-PMN-PT} single crystals},
  author={W. Dong and P. Finkel and A. Amin and C.S. Lynch},
  booktitle={SPIE Smart Structures and Materials+ Nondestructive Evaluation and Health Monitoring},
  pages={834308--834308},
  year={2012},
  organization={International Society for Optics and Photonics}
}

@book{Roundy2004,
 title =    {Energy Scavenging for Wireless Sensor Networks: With Special Focus on Vibrations},
author =   {S. Roundy and P.K. Wright},
publisher = {Kluwer Academic Publishers},
address = {Boston, MA},
year = {2004}
}

@article{Chen2009,
author = {J. Chen and H. Fan and S. Ke and X. Chen and C. Yang and P. Fang},
title = {Relaxor behavior and dielectric properties of lead magnesium niobate-lead titanate thick films prepared by electrophoresis deposition},
journal = {Journal of Alloys and Compounds},
volume = {478},
pages = {853-857},
year = {2009},
}

@inbook{Despesse2012,
  chapter={Mechanical Energy Harvesting},
  author={G. Despesse and J.J. Chaillout and S. Boisseau and C. Jean-Mistral},
crossref={Belleville2012}
}

@book{Belleville2012,
editor={M. Belleville and C. Condemine},
title={Energy Autonomous Micro and Nano Systems},
publisher={John Wiley \& Sons, Inc.},
address={Hoboken, NJ},
year={2012}
}

@article{Sarge1997,
author = {S.M. Sarge and W. Hemminger and E. Gmelin and G.W.H. Hohne and H.K. Cammenga and W. Eysel},
title = {Metrologically based procedure for the temperature, heat and heat flow rate calibration of {DSC}},
journal = {Journal of Thermal Analysis},
volume = {49},
pages = {1125-1134},
year = {1997},
}

@book{Touloukian1972,
 title =    {Thermophysical Properties of Matter, Vol. 4, Specific Heat of Metallic Solids},
author =   {Y.S. Touloukian and C.Y. Ho},
publisher = {Plenum Press},
address = {New York, NY},
year = {1972}
}

@article{Lee2013,
author = {F.Y. Lee and H.R Jo and C.S. Lynch and L. Pilon},
title = {Pyroelectric Energy Conversion Using {PLZT} Ceramics and Relaxor-Ferroelectric Phase Transition},
journal = {Smart Materials and Structures},
volume = {22},
number = {2},
pages = {025038},
year = {2013},
}

@article{nguyen2010,
title = "Pyroelectric energy converter using co-polymer {P(VDF-T}r{FE)} and {O}lsen cycle for waste heat energy harvesting",
journal = "Applied Thermal Engineering",
year = "2010",
author = {H. Nguyen and A. Navid and L. Pilon},
volume="30",
number = "14-15",
pages="2127-2137",
}

@article{Colla1998,
author = {E.V. Colla and N.K. Yushin and D. Viehland},
title = {Dielectric properties of {(PMN)$_{1-x}$(PT)$_x$}},
journal = {Journal of Applied Physics},
volume = {83},
number = {6},
pages = {3298-3304},
year = {1998},
}

@article{Tang2009,
author = {Y. Tang and H. Luo},
title = {Inverstigation of the electrical properties of {(1-x)Pb(Mg$_{1/2}$Nb$_{2/3}$)O$_3$-xPbTiO$_3$} single crystals with special reference to pyroelectric detection},
journal = {Journal of Physics D: Applied Physics},
volume = {42},
pages = {075406},
year = {2009},
}

@article{sparrow1985,
author = {E.M. Sparrow and A.J. Stretton},
title = {Natural convection from variously oriented cubes and from other bodies of unity aspect ratio},
journal = {In. J. Heat and Mass Transfer},
volume = {28},
pages = {741},
year = {1985}
}

@article{cottinet2011a,
  title={Analysis of AC-DC conversion for energy harvesting using an electrostrictive polymer P (VDF-TrFE-CFE)},
  author={Cottinet, P.J. and Lallart, M. and Guyomar, D. and Guiffard, B. and Lebrun, L. and Sebald, G. and Putson, C.},
  journal={Ultrasonics, Ferroelectrics and Frequency Control, IEEE Transactions on},
  volume={58},
  number={1},
  pages={30--42},
  year={2011},
  publisher={IEEE}
}

@article{yeager2008,
  title={{WISP}: A passively powered {UHF RFID} tag with sensing and computation},
  author={Yeager, D.J. and Sample, A.P. and Smith, J.R.},
  journal={RFID Handbook: Applications, Technology, Security, and Privacy. CRC Press, Boca Raton, FL},
  pages={261--278},
  year={2008}
}

@article{lynch96,
  title =    {The effect of uniaxial stress on the electro-mechanical response of 8/65/35 {PLZT}},
  author =   {C.S. Lynch},
  journal =  {Acta Materialia},
  year =     {1996},
  volume =   {44},
issue={10},
pages =    {4137-4139}
}

@article{viehland1998,
author = {D. Viehland and X.H. Dai and J.F. Li and and Z. Xu},
title = {Effects of quenched disorder on La-modified lead zirconate titanate: Long and short-range ordered structurally incommensurate phases, and glassy polar clusters},
journal = {Journal of Applied Physics},
volume = {84},
number = {1},
pages = {458-471},
year = {1998},
}

@article{vodopivec2004b,
author = {B. Vodopivec and C. Filipic and A. Levstik and J. Holc and Z. Kutnjak},
title = {{E}{-}{T} phase diagram of the 6.5/65/35 {PLZT} incipient ferroelectric},
journal = {Journal of the European Ceramic Society},
volume = {24},
number = {6},
pages = {1561�1564},
year = {2004},
}

@article{bobnar1999,
author = {V. Bobnar and Z. Kutnjak and R. Pirc and A. Levstik},
title = {Electric-field-temperature phase diagram of the relaxor ferroelectric lanthanum-modified lead zirconate titanate},
journal = {Physical Review B},
volume = {60},
pages = {6420-6427},
year = {1999},
}

@article{haertling1971,
author = {G.H. Haertling and C.E. Land},
title = {Hot-Pressed ({Pb},{La})({Zr},{Ti}){O}$_3$ ferroelectric ceramics for electro-optic applications},
journal = {Journal of American Ceramic Society},
volume = {54},
number = {1},
pages = {1-11},
year = {1971},
}

@article{dausch1996,
author = {D.E. Dausch and G.H. Haertling},
title = {The domain switching and structural characteristics of {PLZT} bulk ceramics and thin films chemically prepared from the same acetate precursor solutions},
journal = {Journal of Materials Science},
volume = {31},
number = {},
pages = {3409-3417},
year = {1996},
}

@book{haertling1991,
author = {G.H. Haertling and R.C. Buchanan (ed.)},
title={Ceramic Materials for Electronics: Processing, Properties, and Applications},
publisher = {Marcel Dekker},
address = {New York, NY},
year={1991}
}

@inproceedings{Schmidt2003,
author = {V.H. Schmidt and R. Chien and I.-C. Shih and C.-S. Tu},
title={Polarization rotation and monclinic phase in relaxor ferroelectric {PMN-PT} crystal},
booktitle = {{AIP} {C}onference {P}roceedings},
volume =   {677},
pages = {160-167},
year = {2003},
}

@mastersthesis{Lee2012thesis,
  title = {Experimental and Analytical Studies on Pyroelectric Waste Heat Energy Conversion},
  author = {F.Y. Lee},
  school = {University of California Los Angeles},
  year = {2012}
}

@phdthesis{Navid2010thesis,
  title = {Pyroelectric Energy Conversion for Waste Heat Harvesting},
  author = {A. Navid},
  school = {University of California Los Angeles},
  year = {2010}
}

@article{brown1962,
  title={Piezoelectric materials, a review of progress},
  author={Brown, C. and Kell, R. and Taylor, R. and Thomas, L.},
  journal={Component Parts, IRE Transactions on},
  volume={9},
  number={4},
  pages={193--211},
  year={1962},
  publisher={IEEE}
}

@article{ikura2006a,
author = {L. Kouchachvili and M. Ikura},
title = {Pyroelectric conversion - Effects of {P(VDF-T}r{FE}) preconditioning on power conversion},
year = {2006},
journal = {Journal of Electrostatics},
volume = {65},
number = {1},
pages = {182-188},
}

@article{mane2011,
  title =    {Cyclic energy harvesting from pyroelectric materials},
  author =   {P. Mane and J. Xie and K. Leang and K. Mossi},
  journal =  {IEEE Transactions on Ultrasonics, Ferroelectrics, and Frequency Control},
  year =     {2011},
  volume =   {58},
  number={1},
pages =    {10-17}
}

@article{navid2011,
title = "Pyroelectric Energy Harvesting using {O}lsen Cycles in Purified and Porous Poly(Vinylidene Fluoride-Trifuoroethylene) Thin Films",
journal = "Smart Materials and Structures",
author = "A. Navid and L. Pilon",
volume = "20",
number = "2",
pages = "025012",
year = "2011",
}


@book{taylor1985,
author = {C.F. Taylor},
title={The Internal Combustion Engine in Theory and Practice - Chapter 8: Heat Losses},
publisher = {The MIT Press},
address = {Cambridge, MA},
year={1985}
}

@book{turner2007,
title =    {Energy Management Handbook},
author =   {W.C. Turner and S. Doty},
publisher = {Fairmont Press},
edition={6$^{th}$},
address = {},
year = {2007}
}

@misc{un,
  title =    {United Nations Press Release},
  author =   {The United Nations - Department of Economics and Social Affairs},
  howpublished =  {http://esa.un.org/unpd/wpp/other-information/Press$\_$Release$\_$WPP2010.pdf},
  year =     {May 3, 2011}
}

@misc{unurban,
title = {World Urbanization Prospects, The 2009 Revision, Highlights},
author = {The United Nations - Department of Economics and Social Affairs},
howpublished = {http://esa.un.org/unpd/wup/Documents/WUP2009$\_$Highlights$\_$Final.pdf},
year = {March 2010}
}

@misc{population,
  title =    {{U.S.} and World Population Clocks},
  author =   {{U.S. Census Bureau}},
  howpublished =  {http://www.census.gov/main/www/popclock.html},
  year =     {July 11, 2012}
}

@ARTICLE{IEEEpiezo,
author={},
journal={ANSI/IEEE Std 176-1987}, title={{IEEE} Standard on Piezoelectricity},
year={1988},
month={ },
volume={},
number={},
doi={10.1109/IEEESTD.1988.79638},
ISSN={},}

@book{Beer2006,
 title =    {Mechanics of Materials},
author =   {F.P. Beer and E.R. Johnston, Jr. and J.T. DeWolf},
publisher = {McGraw-Hill},
edition = {4th},
address = {New York, NY},
year = {2006}
}

@article{Zebarjadi2012,
author = {M. Zebarjadi and K. Esfarjani and M.S. Dresselhaus and Z.F. Ren and G. Chen},
title = {Perspectives on thermoelectrics: from fundamentals to device applications},
journal = {Energy and Environmental Science},
volume = {5},
issue={1},
pages = {5147-5162},
year = {2012},
}

@article{Tu2008,
author = {C.-S. Tu and C.-M. Hsieh and R.R. Chien and V.H. Schmidt and F.-T. Wang and W.S. Chang},
title = {Nanotwin and phases in high-strain {Pb(Mg$_{1/3}$Nb$_{2/3}$)$_{1-x}$Ti$_{x}$O$_{3}$} crystal},
journal = {Journal of Applied Physics},
volume = {103},
issue={7},
pages = {074117},
year = {2008},
}

@article{Srivastava2006,
author = {N. Srivastava and G.J. Wang},
title = {A theory of double hysteresis for ferroelectric crystals},
journal = {Journal of Applied Physics},
volume = {99},
issue={5},
pages = {054103},
year = {2006},
}

@article{Merz1953,
author = {W.J. Merz},
title = {Double hysteresis loop of {BaTiO$_3$} at the {C}urie point},
journal = {Physical Review},
volume = {91},
issue={3},
pages = {513-517},
year = {1953},
}

@article{Han2003,
author = {J. Han and W. Cao},
title = {Electric field effects on the phase transitions in [001]-oriented {(1-x)Pb(Mg$_{1/3}$Nb$_{2/3}$)O$_3$-xPbTiO$_3$} single crystals with compositions near the morphotropic phase boundary},
journal = {Physical Review B},
volume = {68},
issue={13},
pages = {134102},
year = {2003},
}

@article{Zhou2008,
author = {D. Zhou and F. Wang and L. Luo and J. Chen and W. Ge and X. Zhao and H. Luo},
title = {Characterization of complete electromechanical constants of rhombohedral {0.72Pb(Mg$_{1/3}$Nb$_{2/3}$)-0.28PbTiO$_{3}$} single crystals},
journal = {Journal of Physics D: Applied Physics},
volume = {41},
pages = {185402},
year = {2008},
}

@article{McKinley2012_3,
author = {I.M. McKinley and L. Pilon},
title = {Phase transitions and thermal expansion in pyroelectric energy conversion},
journal = {Applied Physics Letters},
volume = {102},
pages = {023906},
year = {2013},
}

@phdthesis{Slodczyk2006,
  title = {Structural, Dielectric and Vibrational Studies of Lead Magnesium Niobate - Lead Titanate {(1-x)PbMg$_{1/3}$Nb$_{2/3}$O$_3$-xPbTiO$_3$} Solid Solutions},
  author = {A. Slodczyk},
  school = {University of Silesia},
  year = {2006}
}

@article{kamzina2009,
author = {L.S. Kamzina and H. Luo},
title = {Influence of the electric field on structural transformations and phase boundary for {PbMg$_{1/3}$Nb$_{2/3}$O$_{3}$-xPbTiO$_{3}$} single crystals},
journal = {Physics of the Solid State},
volume = {51},
number = {11},
pages = {2316-2323},
year = {2009},
}

@article{Herklotz2010,
author = {A. Herklotz and J.D. Plumhof and A. Rastelli and O.G. Schmidt and L. Schultz and K. Dorr},
title = {Electrical characterization of {PMN-28\%PT}(001) crystals used as thin-film substrates},
journal = {Journal of Applied Physics},
volume = {108},
pages = {094101},
year = {2010},
}

@book{hooker1998,
author = {M.W. Hooker},
title = {Properties of {PZT}-Based Piezoelectric Ceramics Between -150 and 250$^o${C}},
publisher = {National Aeronautics and Space Administration},
edition={{NASA} contractor report 1998-208708},
address = {Hampton, VA},
year = {1998},
}

@article{Chen2010,
author = {H. Chen and D.Y. Goswami and E.K. Stefanakos},
title = {A review of thermodynamic cycles and working fluids for the conversion of low-grade heat},
journal = {Renewable and Sustainable Energy Reviews},
volume = {14},
pages = {3059-3067},
year = {2010},
}

@article{Chin2012,
author = {T. Chin and F.Y. Lee and I.M. McKinley and S. Goljahi and C.S. Lynch and L. Pilon},
title = {Pyroelectric waste heat energy harvesting using {9.5/65/35 PLZT} ceramics},
journal = {IEEE Transactions on Ultrasonics, Ferroelectrics, and Frequency Control},
volume = {},
pages = {},
year = {accepted},
}

@article{Cha2012,
author = {G. Cha and Y.S. Ju},
title = {Electric field dependence of the {Curie} temperature of ferroelectric poly(vinylideneflouride-trifluoroethylene) co-polymers for pyroelectric energy harvesting},
journal = {Smart Materials and Structures},
volume = {21},
pages = {022001},
year = {2012},
}

@article{Guo2003,
author = {Y. Guo and H. Luo and D. Ling and H. Xu and T. He and Z. Yin},
title = {The phase transistion sequence and the location of the morphotropic phase boundary region in {(1-x)Pb(Mg$_{1/3}$Nb$_{2/3}$)O$_3$-xPbTiO$_3$} single crystal},
journal = {Journal of Physics: Condensed Matter},
volume = {15},
pages = {L77-L82},
year = {2003},
}

@article{Lee2012,
author = {F.Y. Lee and S. Goljahi and I.M. McKinley and C.S. Lynch and L. Pilon},
title = {Pyroelectric waste heat energy harvesting using relaxor ferroelectric 8/65/35 {PLZT} and the {O}lsen cycle},
journal = {Smart Materials and Structures},
volume = {21},
pages = {025021},
year = {2012},
}

@article{McKinley2012,
author = {I.M. McKinley and R. Kandilian and L. Pilon},
title = {Waste heat energy harvesting using the {O}lsen cycle on {{0.945}Pb(Zn$_{1/3}$Nb$_{2/3}$)O$_3$-{0.055}PbTiO$_3$} single crystals},
journal = {Smart Materials and Structures},
volume = {21},
pages = {035015},
year = {2012},
}


@article{Epstein2009,
author = {R. Epstein},
title = {Electrocaloric devices bases on thin-film heat switches},
journal = {Journal of Applied Physics},
volume = {106},
pages = {064509 1-7},
year = {2009},
}

@article{Sebald2009,
author = {G. Sebald and D. Guyomar and A. Agbossou},
title = {On thermoelectric and pyroelectric energy harvesting},
journal = {Smart Materials and Structures},
volume = {18},
pages = {125006},
year = {2009},
}

@article{McLaughlin2004,
author = {E.A. McLaughlin and T. Liu and C.S. Lynch},
title = {Relaxor ferroelectric {PMN-32PT} crystals under stress and electric field loading: {I-32} mode measurements},
journal = {Acta Materialia},
volume = {52},
pages = {3849-3857},
year = {2004},
}

@article{Viehland2004,
author = {D. Viehland and J. Li and E.A. McLauglin and J. Powers and R. Janus and H. Robinson},
title = {Effect of uniaxial stress on the large-signal electromechanical properties of electrostrictive and piezoelectric lead magnesium niobate lead titanate ceramics},
journal = {Applied Physics Letters},
volume = {95},
pages = {1969-1972},
year = {2004},
}

@article{Viehland2001,
author = {D. Viehland and J. Powers},
title = {Electromechanical coupling coefficient of {$<$001$>$}-oriented of {Pb(Mg$_{1/3}$Nb$_{2/3}$)O$_3$-PbTiO$_3$} crystals: Stress and temperature independence},
journal = {Applied Physics Letters},
volume = {78},
pages = {3112-3114},
year = {2001},
}

@article{Wan2005,
author = {Q. Wan and C. Chen and Y.P. Shen},
title = {Effects of stress and electric field on the electromechanical properties of {Pb(Mg$_{1/3}$Nb$_{2/3}$)O$_3$-{0.32}PbTiO$_3$} single crystals},
journal = {Journal of Applied Physics},
volume = {97},
pages = {024103 1-5},
year = {2005},
}

@article{Feng2005,
author = {Z. Feng and D. Lin and H. Luo and S. Li and D. Fang},
title = {Effect of uniaxial stress on the electromechanical response of {$<$001$>$}-oriented {Pb(Mg$_{1/3}$Nb$_{2/3}$)O$_3$-PbTiO$_3$} crystals},
journal = {Journal of Applied Physics},
volume = {97},
pages = {024103 1-5},
year = {2005},
}

@article{lee2011,
author = {F.Y. Lee and A. Navid and L. Pilon},
title = {Pyroelectric waste heat energy harvesting using heat conduction},
journal = {Applied Thermal Engineering},
volume = {37},
pages = {30-37},
year = {2012},
}

@book{Randerot74,
title =    {Piezoeletric Ceramics},
author =   {J. Van Randerot and R.E. Settengton},
publisher = {Mullard Ltd.},
edition={2$^{nd}$},
address = {London, UK},
year = {1974}
}

@article{pandey2010,
author = {A. Pandey and O. Gottlieb and O. Shtempluck and E. Buks},
title = {Performance of an {AuPd} micromechanical resonator as a temperature sensor},
journal = {Applied Physics Letters},
volume = {96},
pages = {203105-1},
year = {2010},
}

@book{incropera2006,
title =    {Fundamentals of Heat and Mass Transfer},
author =   {F.P. Incropera and D.P. DeWitt and T. Bergman and A. Lavine},
publisher = {John Wiley and Sons, Ltd.},
edition={6$^{th}$},
address = {New York, NY},
year = {2006}
}

@article{liscic2009,
author = {B. Li\v{s}\v{c}i\'{c}},
title = {Heat Transfer Control During Quenching},
journal = {Materials and Manufacturing Processes},
volume = {24},
pages = {879-886},
year = {2009},
}

@Article{Fang2009,
author = {B. Fang and Q. Du and L. Zhou and X. Zhao and H. Xu and H. Luo},
title={Structural Phase Transition and Physical Properties of Tetragonal {{0.85}Pb(Zn$_{1/3}$Nb$_{2/3}$)O$_3$-{0.15}PbTiO$_3$} single crystals},
journal = {Journal of Applied Physics},
year = {2009},
pages={074110-1},
volume = {106},
number = {7},
}

@inproceedings{sitti2001,
author = {M. Sitti and D. Campolo and J. Yan and R. Fearing},
title={Development of {PZT} and {PZN-PT} Based Unimorph Actuators for Micromechanical Flapping Mechanisms},
booktitle = {Proceedings of IEEE Intl Conf on Robotics and Automation, Seoul, Korea},
volume =   {4},
pages = {21-26},
year = {2001}
}

@INPROCEEDINGS{Hunter2011,
author = {S. Hunter and N. Lavrik and T. Bannuru and S. Mostafa and S. Rajic and P. Datskos and edited by N. Dhar and P. Wijewarnasuriya and A. Dutta},
title = {Development of {MEMS} based pyroelectric thermal energy harvesters},
booktitle = {Energy Harvesting and Storage: Materials, Devices, and Applications II},
address = {{O}rlando, {F}{L}},
year={2011},
month={April 25},
pages = {80350V},
}




@Article{ravindran2011,
author = {S.K.T. Ravindran and T. Huesgen and M. Kroener and P. Woias},
title={A Self-Sustaining micro thermomechanic-pyroelectric generator},
journal = {Applied Physics Letters},
pages={104102},
volume = {99},
number = {10},
year = {2011}
}

@phdthesis{Ozgul2003,
  title = {Polarization Switching and Fatigue Anisotropy in Relaxor-Lead Titanate Ferroelectric Single Crystals},
  author = {M. Ozgul},
  school = {The Pennsylvania State University},
  year = {2003}
}

@Article{webber2006,
author = {K.G. Webber and D. Hopkinson and C.S. Lynch},
title={Application of a Classical Lamination Theory Model to the Design of Piezoelectric Composite Unimorph Actuators},
journal = {Journal of Intelligent Materials Systems and Structures},
year = {2006},
pages={29-34},
volume = {17},
}

@Article{kumar2004b,
author = {R. Kumar and D. Molin and L. Young and F. Ke},
title={New high temperature polymer thin coating for power electronics},
journal = {Applied Power Electronics Conference and Exposition},
year = {2004},
pages={1247-1249},
volume = {2},
}

@mastersthesis{webber2005,
  title = {Characterization of actuation and fatigue properties of piezoelectric composite actuators},
  author = {K. Webber},
  school = {Georgia Institute of Technology},
  year = {2005}
}

@Article{renault2005,
author = {A.E. Renault and H. Dammak and G. Calvarin and P. Gaucher},
title={Electric-field-induced orthorhombic phase in {Pb[(Zn$_{1/3}$Nb$_{2/3}$)$_{0.955}$Ti$_{0.045}$]O$_3$} single crystals},
journal = {Journal of Applied Physics},
year = {2005},
pages={044105},
volume = {97},
number={4},
}




@Article{benayad07,
author = {A. Benayad and A. Hajjaji and B. Guiffard and L. Lebrun and D. Guyomar},
title={Electromechanical properties versus polarization and vibration directions of {Pb((Zn$_{1/3}$Nb$_{2/3}$)$_{0.955}$Ti$_{0.045}$)O$_3$} single crystals grown by the modified {B}ridgman method},
journal = {Journal of Applied Physics},
year = {2007},
volume = {40},
number = {3},
pages= {840-845},
}

@Article{davis06,
author = {M. Davis and D. Damjanovic and N. Setter},
title={Temperature dependence of the direct piezoelectric effect in relaxor-ferroelectric single crystals: intrinsic and extrinsic contributions},
journal = {Journal of Applied Physics},
year = {2006},
volume = {100},
number = {8},
pages= {084103},
}

@Article{chang08,
author = {W.S. Chang and L.C. Lim and P. Yang and H.O. Moser and F.T. Wang and C.T. Tseng and C.S. Tu},
title={Phase transformations in poled {PZN-4.5\%PT} single crystals revealed by combined property measurements and high-resolution diffraction technique},
journal = {Journal of Applied Physics},
year = {2008},
volume = {104},
number = {5},
pages= {054102},
}

@Article{shen07,
author = {M. Shen and W. Cao},
title={Investigation of dipolar defects in {(1-x)Pb(Zn$_{1/3}$Nb$_{2/3}$)O$_3$-xPbTiO$_3$} single crystals using different poling methods},
journal = {Journal of Applied Physics},
year = {2007},
volume = {101},
number = {1},
pages= {014105},
}

@Article{liu02,
author = {S. Liu and S. Park and L. Cross and R. Shrout},
title={Temperature dependence of electrostriction in rhombohedral  {Pb(Zn$_{1/3}$Nb$_{2/3}$)O$_3$-PbTiO$_3$} single crystals},
journal = {Journal of Applied Physics},
year = {2002},
volume = {92},
number = {1},
pages= {461-467},
}

@Article{lima04,
author = {J.J. Lima-Silva and I. Guedes and J. Mendes Filho and A.P. Ayala and M.H. Lente and J.A. Eiras and D. Garcia},
title={Phase diagram of the relaxor {(1-x)Pb(Zn$_{1/3}$Nb$_{2/3}$)O$_3$-x PbTiO$_3$} investigated by dielectric and {R}aman spectroscopies},
journal = {Solid State Communications},
year = {2004},
volume = {131},
number = {2},
pages= {111-114},
}

@Article{bhik,
author = {G. Bhikshamaiah and S. Annapurna and A.K. Singh},
title={Determination of lattice parameters and thermal expansion of {CuGe$_2$P$_3$ + 0.2 Ge$_3$P$_4$} at elevated temperatures},
journal = {Crystal Research and Technology},
year = {2006},
volume = {41},
number = {9},
pages= {911-913},
}


@Article{forrester06,
author = {J.S. Forrester and E.H. Kisi and K.S. Knight},
title={Phase transitions in {PZN-4.5\%PT} in the range {4.2-450 K}},
journal = {Physica B},
year = {2006},
volume = {385-386},
number = {},
pages= {160-162},
}

@Article{yin00,
author = {J. Yin and B. Jiang and W. Cao},
title={Elastic, Piezoelectric, and Dielectric Properties of {0.995Pb(Zn$_{1/2}$Nb$_{2/3}$)O$_3$-0.045PbTiO$_3$}},
journal = {Transactions on Ultrasonics, Ferroelectrics, and Frequency Control},
year = {2000},
volume = {1},
number = {47},
pages= {285-291},
}


@Article{ren02,
author = {W. Ren and S.-F. Liu and B.K. Mukherjee},
title={Piezoelectric properties and phase transitions of 001-oriented {Pb(Zn$_{1/3}$Nb$_{2/3}$)O$_3$-PbTiO$_3$} single crystals},
journal = {Applied Physics Letters},
year = {2002},
volume = {80},
number = {17},
pages= {3174-3176},
}


@Article{kandilian11,
author = {R. Kandilian and A. Navid and L. Pilon},
title={Pyroelectric energy harvesting capabilities of {PMN-PT} near the morphotropic phase boundary},
journal = {Smart Materials and Structures},
year = {2011},
volume = {20},
number = {},
pages= {055020},
}

@Misc{sinocera,
author = {Sinoceramics LLC},
title = {Sinoceramics PMN-PT Single Crystal},
howpublished = {http://www.sinocera.com/single{\%}20crystal-pmn{\%}20pt{\%}20crystal.htm},
year={February 19, 2011},
}

@Article{shioji2001,
author = {M. Shioji and T. Ishiyama and M. Ikegami and S. Mitani and H. Shibata},
title = {Performance and Exhaust Emissions in a Natural-Gas Fueled Dual-Fuel Engine},
journal = {JSME International Journal Series B},
year = {2001},
volume = {44},
number = {4},
pages = {641-648},
}

@Book{handbook,
author = {Eugene Avallone},
title = {Marks' Standard Handbook for Mechanical Engineers},
publisher = {McGraw-Hill},
year = {1987},
address = {New York, NY},
edition = {9th},
}


@book{linesandglass,
  title={Principles and Applications of Ferroelectrics and Related Materials},
  author={Lines, M.E. and Glass, A.M.},
  year={1977},
  publisher={Clarendon Press},
  address={Oxford, UK},
}

@Article{piezoprops,
author = {N. Yasuda and T. Banno and K. Fujita and H. Ohwa and M. Matushita and Y. Yamashita and M. Iwata and Y. Ishibashi},
title = {Piezoelectric Properties of Relaxor Ferroelectric Solid Solution Single Crystals {PMN}-{PT} and {PZN}-{PT} Near {MPB} Under Pressures},
journal = {Ferroelectrics},
year = {2007},
volume = {347},
number = {1},
pages = {44-49},
}


@Article{MPB,
author = {M. Ahart and M. Somayazulu and R.E. Cohen and P. Ganesh and P. Dera and H. Mao and R.J. Hemley and Y. Ren and P. Liermann and  Z. Wu},
title = {Origin of morphotropic phase boundaries in ferroelectrics},
journal = {Nature},
year = {2008},
volume = {451},
number = {7178},
pages = {545-548},

}

@Book{groover,
author = {M.P. Groover},

title = {Fundamentals of Modern Manufacturing: Materials, Processes, and Systems},
publisher = {Wiley \& Sons},
year = {2006},
address = {Hoboken, New Jersey},
edition = {third},

}




@article{zhang2004,
author = {R. Zhang and B. Jiang and W. Cao},
title = {Orientation dependence of piezoelectric properties of single domain {0.67PbMg$_{1/3}$Nb$_{2/3}$O$_3$--0.33 PbTiO$_3$} single crystals},
year = {2003},
journal = {Applied Physics Letters},
volume = {82},
number = {21},
pages = {3737-3739},
}


@Article{zhenrong2007,
author = {Z. Li and Z. Xu and Z. Xi and F. Xiang and X. Yao},
title = {Thermal Expansion Characteristics In [001]-Oriented {PMN}-0.32{PT} Single Crystals},
journal = {Ferroelectrics},
year = {2007},
volume = {355},
number = {1},
pages = {245-251},
}

@article{kumar2004,
title = "Dielectric, piezoelectric and pyroelectric properties of {PMN-PT} (68:32) system",
journal = "Ceramics International",
volume = "30",
number = "4",
pages = "585 - 589",
year = "2004",
author = "P. Kumar and S. Sharma and O.P. Thakur and C. Prakash and T.C. Goel",
}

@article{pilon2010,
title = "Pyroelectric Energy Harvesting using {O}lsen Cycle in Purified and Porous Poly(Vinylidene Fluoride-Trifuoroethylene [{P(VDF-T}r{FE})] Thin Films",
journal = "Smart Materials and Structures",
year = "2011",
author = "A. Navid and L. Pilon",
volume = "20",
pages="025012",
}



@article{nguyen2010,
title = "Pyroelectric energy converter using co-polymer {P(VDF-T}r{FE)} and the {O}lsen cycle for waste heat energy harvesting",
journal = "Applied Thermal Engineering",
year = "2010",
author = {H. Nguyen and A. Navid and L. Pilon},
volume="30",
number = "14-15",
pages="2127-2137",
}

@article{zhenrong2002,
Journal = {Journal of Materials Science Letters},
Title  = {Dielectric/ferroelectric response and phase transition of {PMN-0.32PT} single crystal},
    Volume ={21},
    Issue  = {17},
    Pages  = {1325-1327},
    year = {2002},
    Author  = {Z. Li and Z. Xi and Z. Xu and X. Yao},
    }



@ARTICLE{Piquette,
author={J.C. Piquette and A.H. Amin and E.A. McLaughlin},
journal={Journal of Applied Physics},
title={Model of the polarization response of single-crystal lead magnesium niobate-lead titanate for transducer applications},
year={2003},

volume={94},
number={8},
pages={5172 -5181},
}


@article{fang2010,
author = {J. Fang and H. Frederich and L. Pilon},
title = {Harvesting Nanoscale Thermal Radiation Using Pyroelectric Materials},
year = {2010},
journal = {ASME Journal of Heat Transfer},
volume = {132},
number = {9},
eid = {092701},
numpages = {10},
pages = {092701},
}

@ARTICLE{Childress1962,
   author = {{Childress}, J.D.},
    title = "{Application of a Ferroelectric Material in an Energy Conversion Device}",
  journal = {Journal of Applied Physics},
     year = 1962,
    month = may,
   volume = 33,
    pages = {1793-1798},
}



@article{Cuadras2010,
author="A. Cuadras and M. Gasulla and V. Ferrari",
title = "Thermal energy harvesting through pyroelectricity",
journal = "Sensors and Actuators A: Physical",
volume = "158",
number = "1",
pages = "132 - 139",
year = "2010",
}

@book{PHYFERO,
 author = {K.M. Rabe and C.H. Ahn and J.M. Triscone},
 title = {Physics of Ferroelectrics: A Modern Perspective},
 year = {2007},

 publisher = {Springer Publishing Company, Incorporated},
 }



@article{sawyer30,
author = {C.B. Sawyer and C.H. Tower},
title = {Rochelle salt as a dielectric},
journal = {Physical Review},
volume = {35},
pages = {269-275},
year = {1930},
}

@article{mischenko2006a,
author = {Mischenko, A.S. and Zhang, Q. and Scott, J.F. and Whatmore, R.W. and Mathur, N.D.},
title = {{Giant electrocaloric effect in thin-film PbZr$_{0.95}$Ti$_{0.05}$O$_3$}},
journal = {Science},
volume = {311},
pages = {1270-1271},
year = {2006},
%number = {5765},
}

@article{mischenko2006b,
author = {A. S. Mischenko and Q. Zhang and R. W. Whatmore and J. F. Scott and N. D. Mathur},
title = {{Giant electrocaloric effect in the thin film relaxor ferroelectric 0.9 PbMg$_{1/3}$Nb$_{2/3}$O$_3$--0.1 PbTiO$_3$ near room temperature}},
publisher = {AIP},
year = {2006},
journal = {Applied Physics Letters},
volume = {89},
pages = {242912},
%number = {24},
%eid = {242912},
%numpages = {3},
}

@article{correia2009,
author = {T. M. Correia and J. S. Young and R. W. Whatmore and J. F. Scott and N. D. Mathur and Q. Zhang},
title = {{Investigation of the electrocaloric effect in a PbMg$_{2/3}$Nb$_{1/3}$O$_3$--PbTiO$_3$ relaxor thin film}},
publisher = {AIP},
year = {2009},
journal = {Applied Physics Letters},
volume = {95},
pages = {182904},
%number = {18},
%eid = {182904},
%numpages = {3},
}

@article{neese2009,
author = {B. Neese and S. G. Lu and B. Chu and Q. M. Zhang},
title = {Electrocaloric effect of the relaxor ferroelectric poly(vinylidene fluoride-trifluoroethylene-chlorofluoroethylene) terpolymer},
publisher = {AIP},
year = {2009},
journal = {Applied Physics Letters},
volume = {94},
pages = {042910},
%number = {4},
%eid = {042910},
%numpages = {3},
}

@book{hambley2002,
 title =    {Electrical Engineering Principles and Applications},
author =   {A.R. Hambley},
publisher = {Prentice-Hall, Inc.},
edition = {2nd},
address = {Upper Saddle River, NJ},
year = {2002}
}

@inproceedings{iwamoto97,
author = {S. Iwamoto and F. Toda and K. Hirata and M. Takeuchi and T. Yamamoto},
title = {Comparison of low- and high temperature differential stirling engines},
booktitle = {Proceedings of eighth {I}nternational {S}tirling engine conference},
pages = {29-38},
year = {1997}
}

@inproceedings{HOH,
	author={S.R. Hoh},
	title = {Ferroelectric Energy Converters},
	booktitle = {Solid State Device Research Conference, 1959}
	address = {Cornell University, Ithaca, NY},
	month = {June 18},
	year ={1959},

@article{shiraishi2003,
  title =    {Numerical and experimental analysis of the rotation speed degragation of superconducting magnetic bearings},
  author =   {R. Shiraishi and K. Demachi and M. Uesaka and R. Takahata},
  journal =  {IEEE Transactions on Applied Superconductivity},
  year =     {2003},
  volume =   {13},
  issue =   {2},
pages =    {2279-2282}
}

@article{navid2010a,
  title =    {Purified and Porous Poly(Vinylidene Fluoride-Trifluoroethylene) Thin Films for Pyroelectric Infrared Sensing and Energy Harvesting},
  author =   {A. Navid and C.S. Lynch and L. Pilon},
  journal =  {Smart Materials and Structures},
  year =     {2010},
  volume =   {19},
  pages =    {055006}
}

@article{pilon2010b,
title = "Towards optimization of a pyroelectric energy converter for harvesting waste heat",
journal = "International Journal of Heat and Mass Transfer",
volume = "53",
number = "19-20",
pages = "4060 - 4070",
year = "2010",
author = "A. Navid and D. Vanderpool and A. Bah and L. Pilon",
}



@article{carpinlioglu2001,
  title =    {A critical review on pulsite pipe flow studies directing towards future research topics},
  author =   {M.O. $\c{C}$arpinlio$\mathrm{\check{g}}$lu and M.Y. G$\mathrm{\ddot{u}}$ndo$\mathrm{\check{g}}$du},
  journal =  {Flow Measurement and Instrumentation},
  year =     {2001},
  volume =   {12},
pages =    {163-174}
}

@article{whatmore86,
  title =    {Pyroelectric devices and materials},
  author =   {R.W. Whatmore},
  journal =  {Reports on Progress in Physics},
  year =     {1986},
  volume =   {49},
pages =    {1335-1386}
}

@book{close95,
 title =    {Modeling and Analysis of Dynamic Systems},
author =   {C.M. Close and D.K. Frederick},
publisher = {John Wiley and Sons, Ltd.},
edition = {2nd},
address = {New York, NY},
year = {1995}
}

@misc{cnn,
  title =    {All About: Waste Heat},
  author =   {Rachel Oliver},
  howpublished =  {http://edition.cnn.com/2007/WORLD/asiapcf/10/29/eco.about.heat/index.
  html\#cnnSTCText},
  year =     {April 7, 2008}
}



@misc{dekaresearch,
  title =    {Core Technologies},
  author =   {DEKA Research and Development Corporation},
  howpublished =  {http://www.dekaresearch.com/coreTech.html},
  year =     {April 20, 2008}
}

@misc{solarstirling,
  title =    {World's Largest Solar Power Project Unveiled},
  author =   {Renewable Energy Today},
  howpublished =  {http://renewableenergytoday.net/rea/news/story?id=35263},
  year =     {May 7, 2008}
}

@misc{stirlingcar,
  title =    {Have You Driven a Fjord Lately?},
  author =   {Todd Woody},
  howpublished =  {http://money.cnn.com/magazines/business2/business2\_archive/2007/08/01
  /100138830/index.htm?postversion=2007073110},
  year =     {April 20, 2008}
}

@misc{aer,
  title =    {Annual Energy Review},
  author =   {Energy Information Administration, Official Energy Statistics from the U.S. Government},
  howpublished =  {www.eia.doe.gov},
  year =     {April 7, 2008}
}

@misc{iea2007,
  title =    {Key World Energy Statistics 2007},
  author =   {International Energy Agency},
  howpublished =  {www.iea.org},
  year =     {April 7, 2008}
}

@article{marinelli2003,
  title =    {Power plants - the origin of fossil fuels},
  author =   {J. Marinelli},
  journal =  {Plants and Gardens News},
  year =     {2003},
  volume =   {18},
issue={2},
pages =    {1}
}

@misc{unwealth,
  title =    {Research},
  author =   {United Nations University World Institute for Development Economics Research},
  howpublished =  {www.wider.unu.edu/research/},
  year =     {April 8, 2008}
}

@misc{un_prospects,
  title =    {World Population Prospects, The 1998 Revision},
  author =   {The United Nations},
  howpublished =  {http://www.un.org/popin/wdtrends.htm},
  year =     {April 7, 2008}
}

@misc{population,
  title =    {Total Midyear Population of the World: 1950-2050},
  author =   {U.S. Census Bureau},
  howpublished =  {www.census.gov/ipc/www/idb/worldpop.html},
  year =     {April 7, 2008}
}

@inproceedings{olsen86,
  title =    {Pyroelectric Conversion Materials},
  author =   {R.B. Olsen and D.A. Bruno},
  booktitle =  {Proceedings of the 21st {I}ntersociety {E}nergy {C}onversion {E}ngineering {C}onference, {A}merican {C}hemical {S}ociety},
  address = {{S}an {D}iego, {C}A},
  month = {August 25-29,},
  pages = {89-93},
   year = {1986},
}

@book{yukhnovskii87,
author = {I.R. Yukhnovskii},
title={Phase Transitions of the Second Order},
publisher = {World Scientific},
address = {Teaneck, NJ},
year={1987}
}

@article{yamazaki81,
  title =    {Temperature dependence of the pyroelectric response of vinylidene fluoride trifluoroethylene copolymer and the effect of its poling conditions},
  author =   {H. Yamazaki and J. Ohwaki and T. Yamada and T. Kitayama},
  journal =  {Applied Physics Letters},
  year =     {1981},
  volume =   {39},
  pages = {772-773}
}

@article{furukawa81,
  title =    {Ferroelectric phase transition in a copolymer of vinylidene fluoride and trifluoroethylene},
  author =   {T. Furukawa and G.E. Johnson and H.E. Bair},
  journal =  {Ferroelectrics},
  year =     {1981},
  volume =   {32},
  pages = {61-67}
}

@article{Samara2001,
title = "Ferroelectricity revisited--Advances in materials and physics",
year = "2001",
volume = "56",
pages = "239 - 458",
journal = "Solid State Physics",
author = "G.A. Samara"
}

@incollection{kanzig,
author = "W. K$\ddot{\text{a}}$nzig",
title = "Ferroelectrics and Antiferroelectrics",
editor = "F. Seitz and D. Turnbull",
publisher = "Academic Press",
year = "1957",
volume = "4",
series = "Solid State Physics",

}

@article{zhu2009,
author = {H. Zhu and S. Pruvost and D. Guyomar and A. Khodayari},
title = {Thermal energy harvesting from {P}b({Z}n$_{1/3}${N}b$_{2/3}$)$_{0.955}${T}i$_{0.045}${O}$_3$ single crystals phase transitions},
publisher = {AIP},
year = {2009},
journal = {Journal of Applied Physics},
volume = {106},
number = {12},
pages = {124102},
}





@article{sebald2006,
  title =    {Electrocaloric and pyroelectric properties of 0.75{P}b({M}g$_{1/3}${N}b$_{2/3}$){O}$_3$-0.25{P}b{T}i{O}$_3$ single crystals},
  author =   {G. Sebald and L. Seveyrat and D. Guyomar and L. Lebrun and B. Guiffard and S. Pruvost},
  journal =  {Journal of Applied Physics},
  year =     {2006},
  volume =   {100},
  pages = {124112 1-6}
}

@article{sebald2008,
  title =    {Energy harvesting based on {E}ricsson pyroelectric cycles in a relaxor ferroelectric ceramic},
  author =   {G. Sebald and S. Pruvost and D. Guyomar},
  journal =  {Smart Materials and Structures},
  year =     {2008},
  volume =   {17},
  pages = {1-6}
}

@article{sebald2008b,
  title =    {Pyroelectric energy conversion: optimization principles},
  author =   {G. Sebald and E. Lefeuvre and D. Guyomar},
  journal =  {IEEE Transactions on Ultrasonics, Ferroelectrics, and Frequency Control},
  year =     {2008},
  volume =   {55},
  pages = {538-551}
}

@article{sebald2008c,
  title =    {Energy harvesting based on {FE}-{FE} transition in ferroelectric single crystals},
  author =   {D. Guyomar and S. Pruvost and G. Sebald},
  journal =  {IEEE Transactions on Ultrasonics, Ferroelectrics, and Frequency Control},
  year =     {2008},
  volume =   {55},
  pages = {279-285}
}

@article{khodayari2009,
author={Khodayari, A. and Pruvost, S. and Sebald, G. and Guyomar, D. and Mohammadi, S.},
journal={IEEE Transactions on Ultrasonics, Ferroelectrics, and Frequency Control}, title={Nonlinear pyroelectric energy harvesting from relaxor single crystals},
year={2009},
volume={56},
pages={693 -699},
%number={4},
%month={april },
}

@article{kouchachvili2006c,
  title =    {High performance {P(VDF-T}r{FE)} copolymer for pyroelectric conversion},
  author =   {L. Kouchachvili and M. Ikura},
  journal =  {U.S. Patent},
  year =     {2006},
  number =   {7,323,506},
}

@book{dolpin77,
author = {D. Dolphin and A. Wick},
title={Tabulation of Infrared Spectral Data},
publisher = {John Wiley \& Sons, Inc.},
address = {Hoboken, NJ},
year={1977}
}

@mastersthesis{vanderpool2008b,
  title = {Numerical and Experimental Study of a Pyroelectric Energy Converter for Harvesting Waste Heat},
  author = {D. Vanderpool},
  school = {University of California, Los Angeles},
  year = {2008}
}

@misc{energyflow2012,
 author =    {Lawrence Livermore National Laboratory and Department of Energy},
  title =   {{U.S.} {E}nergy {F}low {T}rends - 2012},
  journal =  {https://flowcharts.llnl.gov/},
  year =     {May 2013}
}

@article{riffat2003,
  title =    {Thermoelectrics: a review of present and potential applications},
  author =   {S.B. Riffat and X. Ma},
  journal =  {Applied Thermal Engineering },
  year =     {2003},
  volume =   {23},
issue={8},
pages =    {913-935}
}

@article{wang2007,
  title =    {Structure, phase transition and electric properties of poly(vinylidene fluoride-trifluoroethylene) copolymer studied with density functional theory},
  author =   {Z.Y. Wang and H.Q. Fan and K.H. Su and X. Wang and Z.Y. Wen},
  journal =  {Polymer},
  year =     {2007},
  volume =   {48},
issue={11},
pages =    {3226-3236}
}

@article{davis84,
  title =    {Hysteresis in copolymers of vinylidene fluoride and trifluoroethylene},
  author =   {G.T. Davis and M.G. Broadhurst and A.J. Lovinger and T. Furukawa},
  journal =  {Ferroelectrics},
  year =     {1984},
  volume =   {57},
pages =    {73-84}
}

@article{furukawa83,
  title =    {Dielectric hysteresis and nonlinearity in a 52/48 mol copolymer of vinylidene fluoride and trifluoroethylene},
  author =   {T. Furukawa and A.J. Lovinger and G.T. Davis and M.G. Broadhurst},
  journal =  {Macromolecules},
  year =     {1983},
  volume =   {16},
pages =    {1885-1890}
}

@article{clingman61,
  title =    {Application of ferroelectricity to energy conversion processes},
  author =   {W.H. Clingman and R.G. Moore},
  journal =  {Journal of Applied Physics},
  year =     {1961},
  volume =   {32},
pages =    {675-681}
}

@article{hoh63,
  title =    {Conversion of thermal to electrical energy with ferroelectric materials},
  author =   {S.R. Hoh},
  journal =  {Proceedings of the IEEE},
  year =     {1963},
  volume = {51},
  issue = {5},
  pages = {838-845}
}

@article{gonzalo76,
  title =    {Ferroelectric materials as energy converters},
  author =   {J.A. Gonzalo},
  journal =  {Ferroelectrics},
  year =     {1976},
  volume = {11},
  pages = {423-430}
}

@article{varma1990,
  title =    {Morphology and dielectric properties of fish scales},
  author =   {K.B.R. Varma},
  journal =  {Current science},
  year =     {1990},
  volume =   {59},
  number = {8},
  pages =    {420-423}
}

@article{olsen84,
  title =    {Cascaded pyroelectric energy converter},
  author =   {R.B. Olsen and D.A. Bruno and J.M. Briscoe},
  journal =  {Ferroelectrics},
  year =     {1984},
  volume =   {59},
issue={3-4},
pages =    {205-219}
}

@article{olsen85a,
  title =    {Pyroelectric conversion cycles},
  author =   {R.B. Olsen and D.A. Bruno and J.M. Briscoe},
  journal =  {Journal of Applied Physics },
  year =     {1985},
  volume =   {58},
issue={12},
pages =    {4709-4716}
}

@article{olsen81,
  title =    {A pyroelectric energy converter which employs regeneration},
  author =   {R.B. Olsen and D.A. Bruno and J.M. Briscoe and W.F. Butler},
  journal =  {Ferroelectrics},
  year =     {1981},
  volume =   {38},
issue={1-4},
pages =    {975-978}
}

@article{olsen82a,
  title =    {Ferroelectric conversion of heat to electrical energy - A demonstration},
  author =   {R.B. Olsen},
  journal =  {Journal of Energy},
  year =     {1982},
  volume =   {6},
pages =    {91-95}
}

@article{olsen82b,
  title =    {High-efficiency direct conversion of heat to electrical energy � related pyroelectric measurements},
  author =   {R.B. Olsen and D.D. Brown},
  journal =  {Ferroelectrics},
  year =     {1982},
  volume =   {40},
issue={1-2},
pages =    {17-27}
}

@article{olsen85b,
  title =    {Pyroelectric conversion cycle of vinylidene fluoride-trifluoroethylene copolymer},
  author =   {R.B. Olsen and D.A. Bruno and J.M. Briscoe},
  journal =  {Journal of Applied Physics},
  year =     {1985},
  volume =   {57},
issue={11},
pages =    {5036-5042}
}

@article{kouchachvili2008,
  title =    {Improving the efficiency of pyroelectric conversion},
  author =   {L. Kouchachvili and M. Ikura},
  journal =  {International Journal of Energy Research},
  year =     {2008},
  volume =   {32},
pages =    {328-335}
}

@article{ikura2002,
  title =    {Conversion of low-grade heat to electricity using pyroelectric copolymer},
  author =   {M. Ikura},
  journal =  {Ferroelectrics},
  year =     {2002},
  volume =   {267},
pages =    {403-408}
}

@inproceedings{kouchachvili2006b,
author = {L. Kouchachvili and M. Ikura},
title = {High performance pyroelectric converter},
booktitle = {Proceedings of the 6th {IASTED} {I}nternational {C}onference {E}uropean {P}ower and {E}nergy {S}ystems},
month = {June 26-28},
address = {{R}hodes, {G}reece},
pages = {366-371},
year = {2006}
}

@article{lang2005,
  title =    {Pyroelectricity: from ancient curiosity to modern imaging tool},
  author =   {S.B. Lang},
  journal =  {Physics Today},
  year =     {2005},
  volume =   {58},
issue={8},
pages =    {31-36}
}

@article{lang65,
  title =    {Method for the measurement of the pyroelectric coefficient, dc dielectric constant, and volume resistivity of a polar material},
  author =   {S.B. Lang and F. Steckel},
  journal =  {The Review of Scientific Instruments},
  year =     {1965},
  volume =   {36},
issue={7},
pages =    {929-932}
}

%@article{lang2001,
%  title =    {Pyroelectricity: from ancient curiosity to modern imaging tool},
%  author =   {S.B. Lang},
% journal =  {Physics Today},
%  year =     {2005},
%  volume =   {58},
%issue={8},
%pages =    {31-36}
%}

@book{lang2001b,
author = {S.B. Lang and D.K. Das-Gupta},
title={Handbook of Advanced Electronic and Photonic Materials and Devices},
volume = {4},
publisher = {Academic Press},
address = {San Diego, CA},
year={2001}
}

@book{lang74,
author = {S.B. Lang},
title={Sourcebook of Pyroelectricity},
publisher = {Gordon and Breach, Science Publishers, Inc.},
address = {New York, NY},
year={1974}
}

@book{horlock87,
author = {J.H. Horlock},
title={Cogeneration--combined heat and power (CHP): thermodynamics and economics},
publisher = {Oxford [Oxfordshire]: Pergamon Press},
address = {New York, NY},
year={1987}
}

@article{zemel96,
  title =    {Future directions for thermal information sensors},
  author =   {J.N. Zemel},
  journal =  {Sensors and Actuators A},
  year =     {1996},
  volume =   {56},
pages =    {57-62}
}

@article{vanderpool2008,
  title =    {Simulations of a prototypical device using pyroelectric materials for harvesting waste heat},
  author =   {D. Vanderpool and J.H. Yoon and L. Pilon},
  journal =  {International Journal of Heat and Mass Transfer},
  year =     {2008},
  volume =   {51},
pages =    {5052-5062}
}

@inproceedings{olsen85c,
author = {R.B. Olsen and W.F. Butler and J.E. Drummond and D.A. Bruno and J.M. Briscoe},
title = {Heat flow in a pyroelectric converter},
booktitle = {20th Intersociety Energy Conservation Engineering Conference},
volume =   {3},
address = {{M}iami {B}each, {F}lorida},
month = {November 17-22},
pages = {595-602},
year = {1985}
}

@article{fatuzzo66,
  title =    {Theoretical Efficiency of Pyroelectric Power Converters},
  author =   {E. Fatuzzo and H. Kiess and R. Nitsche},
  journal =  {Journal of Applied Physics},
  year =     {1966},
  volume =   {37},
issue={2},
pages =    {510-516}
}

@article{vanderziel74,
  title =    {Solar power generation with the pyroelectric effect},
  author =   {A. van der Ziel},
  journal =  {Journal of Applied Physics},
  year =     {1974},
  volume =   {45},
issue={9},
pages =    {4128}
}

@article{olsen83,
  title =    {Pyroelectric energy conversion: hysteresis loss and temperature sensitivity of a ferroelectric material},
  author =   {R.B. Olsen and D. Evans},
  journal =  {Journal of Applied Physics},
  year =     {1983},
  volume =   {54},
issue={10},
pages =    {5941-5944}
}

@book{bejan2004,
 title =    {Convection Heat Transfer},
author =   {A. Bejan},
publisher = {John Wiley and Sons},
address = {New York, NY},
year = {2004}
}

@article{moazzami92,
title={Electrical characteristics of ferroelectric PZT thin films for DRAM applications},
author={R. Moazzami and C. Hu and W.H. Shepherd},
journal={Electron Devices, IEEE Transactions on},
year={1992},
volume={39},
number={9},
pages={2044-2049},
}

@book{mulder96,
 title =    {Basic Principles of Membrane Technology, 2nd Edition},
author =   {M. Mulder},
publisher = {Kluwer Academic Publishers},
address = {Boston, MA},
year = {1996}
}

@article{zsigmondy18,
  title =    {\"{U}ber neue filter},
  author =   {R. Zsigmondy and W. Bachman},
  journal =  {Zeitschrift f\"{u}r anorganische und allgemeine Chemie},
  year =     {1918},
  volume =   {103},
pages =    {119-128}
}

@article{strathmann75,
  title =    {The formation mechanism of asymmetric membranes},
  author =   {H. Strathmann and K. Koch, and P. Amar, R.W. Baker},
  journal =  {Desalination},
  year =     {1975},
  volume =   {16},
pages =    {179-203}
}

@article{ferry36,
  title =    {Ultrafilter Membranes and Ultrafiltration},
  author =   {J.D. Ferry},
  journal =  {Desalination},
  year =     {1936},
  volume =   {18},
pages =    {373-455}
}

@article{maier60,
  title =    {None},
  author =   {K. Maier and E. Scheuermann},
  journal =  {Kolloid Zeitschrift},
  year =     {1960},
  volume =   {171},
pages =    {122}
}

@article{kesting73,
  title =    {Concerning the microstructure of dry-{RO} membranes},
  author =   {R.E. Kesting},
  journal =  {Journal of Applied Polymer Science},
  year =     {1973},
  volume =   {17},
pages =    {1771-1785}
}

@article{lloyd88,
  title =    {Microporous membrane formation via thermally-induced phase separation},
  author =   {D.R. Lloyd and J.W. Barlow},
  journal =  {American Institute of Chemical Engineers Symposium Series},
  year =     {1988},
  volume =   {84},
pages =    {28-41}
}

@book{kesting85,
 title =    {Synthetic Polymeric Membranes},
author =   {R.E. Kesting},
publisher = {McGraw Hill},
address = {New York, NY},
year = {1985}
}

@book{moran2004,
 title =    {Fundamentals of Engineering Thermodynamics, 5th edition},
author =   {M.J. Moran and H.N. Shapiro},
publisher = {John Wiley and Sons},
address = {New York, NY},
year = {2004}
}

@article{manjikian65,
  title =    {None},
  author =   {S. Manjikian and S. Leob and J.W. Mc. Cutchan},
  journal =  {Proc. First. Symp. Water Des.},
  year =     {1965},
pages =    {165}
}

@book{frommer72,
 title =    {Reverse Osmosis Membrane Research},
author =   {M.A. Frommer and D. Lancet and H.K. Lonsdale and H.E. Podall},
publisher = {Plenum Press},
address = {New York, NY},
year = {1972},
}

@article{koenhen77,
  title =    {Phase separation phenomena during the formation of asymmetric membranes},
  author =   {D.M. Koenhen and M.H.V. Mulder and C.A. Smolders},
  journal =  {Journal of Applied Polymer Science},
  year =     {1977},
  volume =   {21},
pages =    {199-215}
}

@article{guillotin77,
  title =    {Physicochemical processes occurring during the formation of cellulose diacetate membranes. Research of criteria for optimizing membrane performance. {IV}. {C}ellulose diacetate-acetone-organic additive casting solutions},
  author =   {M. Guillotin and C. Lemoyne and C. Noel and L. Monnerie},
  journal =  {Desalination},
  year =     {1977},
  volume =   {21},
pages =    {165-181}
}

@article{bottino91,
  title =    {The formation of microporous polyvinylidene difluoride membranes by phase separation},
  author =   {A. Bottino and G. Camera-Roda and G. Capannelli and S. Munari},
  journal =  {Journal of Membrane Science},
  year =     {1991},
  volume =   {57},
pages =    {1-20}
}

@article{bouvier2005,
  title =    {Experimental study of heat transfer in oscillating flow},
  author =   {P. Bouvier and P. Stouffs and J.P. Bardon},
  journal =  {International Journal of Heat and Mass Transfer},
  year =     {2005},
  volume =   {48},
issue={12},
pages =    {2473-2482}
}

@article{Zhao96,
  title =    {Oscillatory heat transfer in a pipe subjected to a laminar reciprocating flow},
  author =   {T.S. Zhao and P. Cheng},
  journal =  {ASME Journal of Heat Transfer},
  year =     {1996},
  volume =   {118},
pages =    {592-597}
}

@article{Ozawa2003,
  title =    {Scaling of heat transfer characteristics in an oscillating flow},
  author =   {N. Ozawa and M. Shinoki and K. Nagoshi and E. Serizawa},
  journal =  {Journal of Enhanced Heat Trasfer},
  year =     {2003},
  volume =   {10},
pages =    {275-285}
}

@article{itskovsky99,
  title =    {Pyroelectric hysteresis loop at ferroelectric phase transition},
  author =   {M.A. Itskovsky},
  journal =  {Journal of Applied Physics},
  year =     {1999},
  volume =   {85},
pages =    {4256-4258}
}

@misc{dowcorning,
  title =    {{Dow Corning 200$^{\textcircled {\scriptsize R}}$ Fluid, 50 cst and 1.5 cst Product Information Sheet}},
  author =   {Dow Corning Corp.},
  address = {Midland MI},
  howpublished =  {{http://www.dowcorning.com/applications/search/default.aspx?Ne$=$4294963250$\&$\\N$=$4294963212$\&$bhcp$=$1$\&$DCCD$=$PRODUCT$\&$WT.svl$=$1$\&$DCCT$=$PRODUCT}},
  year =     {May 20, 2009}
}

@book{incropera2002,
 title =    {Heat and Mass Transfer},
author =   {F.P. Incropera and D.P. DeWitt},
publisher = {John Wiley and Sons, Ltd.},
address = {New York, NY},
year = {2002}
}

@misc{shin-etsu,
  title =    {Products},
  author =   {Shin-Etsu Chemical Co., Ltd.},
  note =  {www.silicone.jp/e/products/oil/about/feature.html},
  year =     {March 28, 2007}
}

@misc{pzst,
  title =    {Piezoceramic Materials Data Sheet},
  author =   {PI Ceramic},
  address =  {Lederhose, Germany},
  year =     {March 28, 2007}
}

@article{atabek61,
  title =    {Oscillatory flow near the entry of a circular tube},
  author =   {H.B. Atabek and C.C. Chang},
  journal =  {Zeitschrift Fur Angewandte Mathematik und Physik},
  year =     {1961},
  volume =   {12},
issue={3},
pages =    {185-201}
}

@article{Liu2004,
title = "Effect of working fluids on organic Rankine cycle for waste heat recovery",
journal = "Energy",
volume = "29",
number = "8",
pages = "1207 - 1217",
year = "2004",
note = "",
issn = "0360-5442",
doi = "DOI: 10.1016/j.energy.2004.01.004",
url = "http://www.sciencedirect.com/science/article/B6V2S-4BY3TTT-1/2/4ae3d3122fd3d1e8ea2380769f1eb293",
author = "B.T. Liu and K.H. Chien and C.C. Wang"
}

@article{Niu2009,
title = "Experimental study on low-temperature waste heat thermoelectric generator",
journal = "Journal of Power Sources",
volume = "188",
number = "2",
pages = "621 - 626",
year = "2009",
note = "",
issn = "0378-7753",
doi = "DOI: 10.1016/j.jpowsour.2008.12.067",
url = "http://www.sciencedirect.com/science/article/B6TH1-4V7645T-3/2/e55446fd89fc777fa70403313581658d",
author = "X. Niu and J. Yu and S. Wang",
keywords = "Waste heat recovery",
keywords = "Thermoelectric generator",
keywords = "Power output",
keywords = "Heat exchanger"
}

@article{he2007,
  title =    {Heat transfer and flow behaviour of aqueous suspensions of TiO$_2$ nanoparticles (nanofluids) flowing upward through a vertical pipe},
  author =   {P. Bouvier and P. Stouffs and J.P. Bardon},
  journal =  {International Journal of Heat and Mass Transfer},
  year =     {2007},
  volume =   {50},
pages =    {2272-2281}
}

@article{thombare2008,
  title =    {Technological development in the {S}tirling cycle engines},
  author =   {D.G. Thombare and S.K. Verma},
  journal =  {Renewable and Sustainable Energy Reviews},
  year =     {2008},
  volume =   {12},
pages =    {1-38}
}

@book{swift2002,
 title =    {Thermoacoustics: {A} {U}nifying {P}erspective {F}or {S}ome {E}ngines and {R}efrigerators},
author =   {G.W. Swift},
publisher = {Acoustical Society of America},
address = {Melville, NY},
year = {2002}
}

@inproceedings{vanderpool2007,
author = {D. Vanderpool and L. Pilon},
title = {Optimum operation of a prototypical pyroelectric energy converter for harvesting waste heat},
booktitle = {2007 ASME International Mechanical Engineering  Congress and Exposition},
pages = {595-602},
year = {2007}
}

@article{backhaus99,
  title =    {A thermoacoustic Stirling heat engine},
  author =   {S. Backhaus and G.W. Swift},
  journal =  {Nature},
  year =     {1999},
  volume =   {399},
pages =    {335-338}
}

@article{backhaus2000,
  title =    {A thermoacoustic-Stirling heat engine:  Detailed study},
  author =   {S. Backhaus and G.W. Swift},
  journal =  {Journal of the Acoustic Society of America},
  year =     {2000},
  volume =   {107},
  issue = {6},
pages =    {3148-3166}
}

@misc{keolian2006,
title = {Thermoacoustic Piezoelectric Generator},
author = {R.M. Keolian and K.J. Bastyr},
howpublished = {US Patent No. 7,081,699},
year = {July 25, 2006}
}

@misc{King1989,
  title={Combined electric starter and alternator system using a permanent magnet synchronous machine},
  author={R.D. King},
  year={August 29, 1989},
  howpublished={US Patent No. 4,862,009}
}

@article{yamada81,
  title =    {Ferroelectric-to-paraelectric phase transition of vinylidene fluoride-trifluoroethylene copolymer},
  author =   {T. Yamada and T. Ueda and T. Kitayama},
  journal =  {Journal of Applied Physics},
  year =     {1981},
  volume =   {52},
  issue = {2},
pages =    {948-952}
}

@article{sencadas2004,
  title =    {Characterization of poled and non-poled $\Beta$-{PVDF} films using thermal analysis techniques},
  author =   {V. Sencadas and S. Lanceros-Mendez and J.F. Mano},
  journal =  {Thermocimica Acta},
  year =     {2004},
  volume =   {424},
pages =    {201-207}
}

@article{kouchachvili2006,
  title =    {Pyroelectric conversion-Effects of {P(VDF-TrFE)} preconditioning on power conversion},
  author =   {L. Kouchachvili and M. Ikura},
  journal =  {Journal of Electrostatics},
  year =     {2006},
  volume =   {65},
pages =    {182-188}
}

@article{calleja93,
  title =    {Structure and properties of ferroelectric copolymers of poly(vinylidene fluoride)},
  author =   {F.J. Balta Calleja and A. Gonzalez Arche and T.A. Ezquerra and C. Santa Cruz and F. Batallan and B. Frick and E. Lopez  Cabarcos},
  journal =  {Advances in Polymer Science},
  year =     {1993},
  volume =   {108},
pages =    {1-48}
}

@article{chu2006,
  title =    {A dielectric polymer with high electric energy density and fast discharge speed},
  author =   {B. Chu and X. Zhou and K. Ren and B. Neese and M. Lin and Q. Wang and F. Bauer and Q.M. Zhang},
  journal =  {Science},
  year =     {2006},
  volume =   {313},
  issue = {5785},
pages =    {334-336}
}

@book{grindlay70,
 title =    {An Introduction to the Phenomenological Theory of Ferroelectricity},
author =   {J. Grindlay},
publisher = {Pergamon Press, Ltd.},
address = {London},
year = {1970}
}

@article{olsen83,
  title =    {Pyroelectric energy conversion: hysteresis loss and temperature sensitivity of a ferroelectric material},
  author =   {R.B. Olsen and D. Evans},
  journal =  {Journal of Applied Physics},
  year =     {1983},
  volume =   {54},
  issue = {10},
pages =    {5941-5944}
}

@article{bao2007,
  title =    {Phase transitions and ferroelectric relaxor behavior in {P(VDF-TrFE-CFE)} terpolymers},
  author =   {H.M. Bao and J.F. Song and J. Zhang and Q.D. Shen and C.Z. Vang and Q.M. Zhang},
  journal =  {Macromolecules},
  year =     {2007},
  volume =   {40},
  issue = {7},
pages =    {2371-2379}
}

@inproceedings{moniz2002,
author = {E.J. Moniz and J.D. Baldeschwieler},
title = {Approaches to Combat Terrorism ({ACT}): Opportunities for basic research},
booktitle = {Report of a joint workshop exploring the role of the mathematical and physical sciences in support of basic research needs of the {U.S.} intelligence community},
pages = {1-52},
year = {2002}
}

@inproceedings{ikura2006,
author = {L. Kouchachvili and M. Ikura},
title = {High performance pyroelectric converter},
title = {High performance pyroelectric converter},
booktitle = {Proceedings of the {S}ixth {IASTED} {I}nternational {C}onference {E}uropean {P}ower and {E}nergy {S}ystems, {R}hodes, {G}reece},
pages = {366-371},
year = {2006}
}

@inproceedings{kouchachvili2006b,
author = {L. Kouchachvili and M. Ikura},
title = {High performance pyroelectric converter},
booktitle = {Proceedings of the {S}ixth {IASTED} {I}nternational {C}onference {E}uropean {P}ower and {E}nergy {S}ystems, {R}hodes, {G}reece},
pages = {366-371},
year = {2006}
}

@article{burgess2005,
  title =    {The mach 7 munition},
  author =   {R.R. Burgess},
  journal =  {Sea Power Magazine},
  year =     {2005},
  volume =   {48},
  issue = {10}
}

@article{hessman2003,
  title =    {Nanotechnology, the All-Electric Ship and Future Warriors},
  author =   {J.D. Hessman},
  journal =  {Sea Power Magazine},
  year =     {2003},
  volume =   {46},
  issue = {12}
}

@article{keeter2004,
  title =    {Electric Warship Heralds Evolution in Weapon Technologies},
  author =   {H.C. Keeter},
  journal =  {Sea Power Magazine},
  year =     {2004},
  volume =   {47},
  issue = {5}
}

@article{calame2005,
  title =    {Simulations of Direct-Die-Attached Microchannel Coolers for the Thermal Management of {G}a{N}-on-{S}i{C} Microwave Amplifiers},
  author =   {J.P. Calame and S. Binari and R. Myers and F. Wood},
  journal =  {{IEEE} Transactions on Components and Packaging Technologies},
  year =     {2005},
  volume =   {28},
pages =    {797-809}
}

@inproceedings{calame2004,
author = {J.P. Calame and S. Binari and R. Myers and F. Wood},
title = {High Heat Flux {G}a{N}-Based {RF} Components and Cooling Methods},
booktitle = {3rd Annual Workshop on Thermal Management of High Flux Commercial and Military Electronics, {C}ollege {P}ark, {MD}},
year = {2004}
}

@misc{ces,
  title =    {California Energy Studies},
  author =   {University of California Energy Institute},
  journal =  {http://www.ucei.berkeley.edu/ucei/grant/ces.html},
  year =     {January 5, 2008}
}

@misc{us-doe,
  title =    {{US-DOE}, Energy Information Administration},
  author =   {Energy Information Administration},
  journal =  {http://tonto.eia.doe.gov/oog/info/state/ca.html},
  year =     {January 5, 2008}
}

@article{gaut2000,
  title =    {California gasoline consumption to surpass refinery production by 2010},
  author =   {S. Gaut},
  journal =  {North County Times},
  year =     {August 20, 2000}
}

@misc{bts,
  title =    {National Transportation Statistics},
  author =   {Bureau of Transportation Statistics},
  journal =  {http://www.bts.gov/publications/national_transportation_statistics/},
  year =     {January 5, 2008}
}

@misc{ewg,
  title =    {How Cleaner Air in California will Save Lives and Save Money, June 2002},
  author =   {Environmental Working Group},
  journal =  {http://www.ewg.org/reports_content/particlecivics/particlecivics_report.pdf},
  year =     {January 5, 2008}
}

@misc{carbible,
  title =    {The Car Maintenance Bible},
  author =   {C.J. Longhurst},
  journal =  {http://www.carbibles.com/},
  year =     {January 5, 2008}
}

@book{abramowitz65,
author = {M. Abramowitz and I. A. Stegun},
title={Handbook of mathematical functions},
publisher = {Dover Publications},
address = {New York, NY},
year={1965}
}



@article{alfano99,
title = {Optical tomographic image reconstruction from ultrafast time-sliced transmission measurements},
author = {W. Cai and S. K. Gayen and M. Xu and M. Zevallos and M. Alrubaiee and M. Lax and R. R. Alfano},
journal = {Applied Optics},
volume = {38},
number={19},
year = {1999},
pages = {4237-4246}
}

@article{allievi00,
title = {Finite element modifed method of characteristics for {N}avier�{S}tokes equations},
author = {A. Allievi and R. Bermejo },
journal = {International Journal for Numerical Methods in Fluids},
volume = {32},
number={4},
year = {2000},
pages = {439-464}
}

@article{wong2003,
title = {Specific Heat and Thermal Diffusivity of Vinylidene Fluoride/Trifluoroethylene Copolymers},
author = {Y. W. Wong and N. M. Hui and E. L. Ong and H. L. W. Chan and C. L. Choy},
journal = {Journal of Applied Polymer Science},
volume = {89},
year = {2003},
pages = {3160-3166}
}

@misc{kontax,
  title =    {{KS}90 blue Low Temperature Stirling Engine},
  author =   {Kontax Stirling Engines},
  howpublished =  {http://www.stirlingengine.co.uk/},
  year =     {April 7, 2008}
}
%WWWWWWWWWWWWWWWWWWWWWWWWWWWWWWWWWWWWWWWWWWWWWWWWWWWWWWWW
@article{cogeneration,
  title =    {Efficiency analysis of a cogeneration and district energy system},
  author =   {M.A. Rosen and M.N. Le and L. Dincer},
journal = {Applied Thermal Engineering},
volume = {25},
number={1},
year = {2005},
pages = {147-159}
}

@misc{wikidsc,
  title =    {Differential Scanning Calorimetry},
  author =   {Wikipedia},
  howpublished =  {http://en.wikipedia.org/wiki/Differential\_scanning\_calorimetry},
  year =     {April 23, 2008}
}

@misc{wikielectricity,
  title =    {Electricity},
  author =   {Wikipedia},
  howpublished =  {http://en.wikipedia.org/wiki/Electricity},
  year =     {April 22, 2008}
}

@misc{wikiindustry,
  title =    {Industrial Sector},
  author =   {Wikipedia},
  howpublished =  {http://en.wikipedia.org/wiki/Industrial_sector},
  year =     {April 22, 2008}
}

@misc{wikistirling,
  title =    {Stirling Engine},
  author =   {Wikipedia},
  howpublished =  {http://en.wikipedia.org/wiki/Stirling\_engine},
  year =     {April 7, 2008}
}

@misc{wikitransportation,
  title =    {Transport},
  author =   {Wikipedia},
  howpublished =  {http://en.wikipedia.org/wiki/Transport},
  year =     {April 22, 2008}
}

@article{wilkinson2007,
  title =    {A global perspective on energy: health effects and injustices},
  author =   {P. Wilikinson and K.R. Smith and A. Haines},
  journal =  {Lancet},
  year =     {2007},
  volume =   {370},
issue={9591},
pages =    {965-978}
}


@article{park1997,
title = {Ultrahigh strain and piezoelectric behavior in relaxor based ferroelectric single crystals},
author = {S.E. Park and T.R. Shrout},
journal = {Journal of Applied Physics},
volume = {82},
number = {4},
year = {1997},
pages = {1804}
}


@article{ye2000,
title = {Morphotropic domain structures and phase transitions in relaxor-based piezo-/ferroelectric {(1-x)PbMg$_{1/3}$Nb$_{2/3}$O$_3$-xPbTiO$_3$} single crystals},
author = {Z.-G. Ye and M. Dong},
journal = {Journal of Applied Physics},
volume = {87},
number = {5},
year = {2000},
pages = {2312}
}

@article{viehland2002,
title = {Electromechanical and elastic isotropy in the $<$011$>$ plane of {0.7PbMg$_{1/3}$Nb$_{2/3}$O$_3$-0.3PbTiO$_3$} crystals: Inhomogeneous shearing of polarization },
author = {D. Viehland amd J.F. Li and A. Amin},
journal = {Journal of Applied Physics},
volume = {87},
number = {5},
year = {2002},
pages = {3985}
}

@article{McLaughlin2005,
title = {Relaxor ferroelectric {PMN-32PT} crystals under stress, electric field and temperature loading: {II-33}-mode measurements},
author = {E.A. McLaughlin and T. Liu and C.S. Lynch},
journal = {Acta Materialia},
volume = {53},
number = {14},
year = {2005},
pages = {4001-4008}
}
